@FOOTNOTE{Note1,key="Note1",note="QuantumWise' webpage: \protect \href  {https://quantumwise.com/}{https://quantumwise.com/}"}
@CONTROL{REVTEX41Control}
@CONTROL{apsrev41Control,author="00",editor="1",pages="1",title="0",year="0"}
